<record><leader>00000cas a22000007a 4500</leader><controlfield tag="001">9497878</controlfield><controlfield tag="008">830510d18751901mauwr ne      0    0ger d</controlfield><datafield ind1=" " ind2=" " tag="010"><subfield code="a">sn 83020588 </subfield></datafield><datafield ind1=" " ind2=" " tag="040"><subfield code="a">NPX</subfield><subfield code="b">eng</subfield><subfield code="c">NPX</subfield><subfield code="d">MGN</subfield><subfield code="d">CNW</subfield><subfield code="d">OCLCQ</subfield><subfield code="d">OCLCF</subfield><subfield code="d">OCLCO</subfield></datafield><datafield ind1="1" ind2=" " tag="029"><subfield code="a">AU@</subfield><subfield code="b">000025793596</subfield></datafield><datafield ind1=" " ind2=" " tag="042"><subfield code="a">msc</subfield></datafield><datafield ind1=" " ind2=" " tag="043"><subfield code="a">n-us-ma</subfield></datafield><datafield ind1="0" ind2="0" tag="245"><subfield code="a">New England Staaten Zeitung.</subfield></datafield><datafield ind1=" " ind2=" " tag="260"><subfield code="a">Holyoke, Mass. :</subfield><subfield code="b">P.L. Schriftgiesser</subfield></datafield><datafield ind1=" " ind2=" " tag="300"><subfield code="a">v. ;</subfield><subfield code="c">55 cm.</subfield></datafield><datafield ind1=" " ind2=" " tag="310"><subfield code="a">Weekly</subfield></datafield><datafield ind1="1" ind2=" " tag="362"><subfield code="a">Began in 1875.</subfield></datafield><datafield ind1="0" ind2=" " tag="362"><subfield code="a">-Jahrg. 27, no. 39 (14 Dez. 1901).</subfield></datafield><datafield ind1=" " ind2=" " tag="500"><subfield code="a">Published in Springfield, Mass., &lt;July 7, 1877&gt;-Jan. 5, 1878, and Boston, Mass., Jan. 12, 1878-1901.</subfield></datafield><datafield ind1=" " ind2=" " tag="546"><subfield code="a">In German.</subfield></datafield><datafield ind1=" " ind2=" " tag="580"><subfield code="a">Daily ed.: Boston telegraph (Boston, Mass. : 1885), 1885-1901.</subfield></datafield><datafield ind1=" " ind2=" " tag="580"><subfield code="a">Issued with: Rhode Island Wochenblatt, June 11, 1882-Dec. 15, 1883.</subfield></datafield><datafield ind1=" " ind2=" " tag="580"><subfield code="a">Other ed. available: Der Hartforder Herold, 1883-1885.</subfield></datafield><datafield ind1=" " ind2=" " tag="588"><subfield code="a">Description based on: Jahrg. 2, no. 14 (22 Juli 1876).</subfield></datafield><datafield ind1=" " ind2="0" tag="650"><subfield code="a">Germans</subfield><subfield code="z">Massachusetts</subfield><subfield code="v">Newspapers.</subfield></datafield><datafield ind1=" " ind2="7" tag="655"><subfield code="a">Newspapers.</subfield><subfield code="2">fast</subfield><subfield code="0">(OCoLC)fst01423814</subfield></datafield><datafield ind1=" " ind2="7" tag="650"><subfield code="a">Germans.</subfield><subfield code="2">fast</subfield><subfield code="0">(OCoLC)fst00942100</subfield></datafield><datafield ind1=" " ind2="7" tag="651"><subfield code="a">Massachusetts.</subfield><subfield code="2">fast</subfield><subfield code="0">(OCoLC)fst01204307</subfield></datafield><datafield ind1=" " ind2=" " tag="752"><subfield code="a">United States</subfield><subfield code="b">Massachusetts</subfield><subfield code="c">Suffolk</subfield><subfield code="d">Boston.</subfield></datafield><datafield ind1=" " ind2=" " tag="752"><subfield code="a">United States</subfield><subfield code="b">Massachusetts</subfield><subfield code="c">Hampden</subfield><subfield code="d">Holyoke.</subfield></datafield><datafield ind1=" " ind2=" " tag="752"><subfield code="a">United States</subfield><subfield code="b">Massachusetts</subfield><subfield code="c">Hampden</subfield><subfield code="d">Springfield.</subfield></datafield><datafield ind1="1" ind2=" " tag="775"><subfield code="t">Boston telegraph (Boston, Mass. : 1885)</subfield><subfield code="w">(DLC)sn 91005815</subfield></datafield><datafield ind1="1" ind2=" " tag="775"><subfield code="t">Hartforder Herold</subfield><subfield code="w">(DLC)sn 92051602</subfield></datafield><datafield ind1="1" ind2=" " tag="777"><subfield code="t">Rhode Island Wochenblatt</subfield><subfield code="w">(DLC)sn 91058104</subfield></datafield></record>